@article{flores2019ecological,
  title={Ecological niche models as a tool for estimating the distribution of plant communities},
  author={Flores-Tolentino, Mayra and Ortiz, Enrique and Villase{\~n}or, Jos{\'e} Luis},
  journal={Revista mexicana de biodiversidad},
  volume={90},
  year={2019},
  publisher={Instituto de Biolog{\'\i}a, UNAM}
}

@article{warren2011ecological,
  title={Ecological niche modeling in Maxent: the importance of model complexity and the performance of model selection criteria},
  author={Warren, Dan L and Seifert, Stephanie N},
  journal={Ecological applications},
  volume={21},
  number={2},
  pages={335--342},
  year={2011},
  publisher={Wiley Online Library}
}

@article{takola2022hutchinson,
  title={Hutchinson's ecological niche for individuals},
  author={Takola, Elina and Schielzeth, Holger},
  journal={Biology \& Philosophy},
  volume={37},
  number={4},
  pages={1--21},
  year={2022},
  publisher={Springer}
}

@article{furness1997seabirds,
  title={Seabirds as monitors of the marine environment},
  author={Furness, Robert W and Camphuysen, Kees},
  journal={iceS Journal of marine Science},
  volume={54},
  number={4},
  pages={726--737},
  year={1997},
  publisher={Oxford University Press}
}

@article{mendez2021ecologia,
  title={ECOLOG{\'I}A POBLACIONAL DE AVES MARINAS EN ISLAS DEL PAC{\'I}FICO DE BAJA CALIFORNIA: RECOMENDACIONES DE MANEJO Y CONSERVACI{\'O}N},
  author={M{\'e}ndez S{\'a}nchez, Federico Alfonso},
  year={2021},
  publisher={Centro de Investigaciones Biol{\'o}gicas del Noroeste, SC}
}

@article{dias2019threats,
  title={Threats to seabirds: a global assessment},
  author={Dias, Maria P and Martin, Rob and Pearmain, Elizabeth J and Burfield, Ian J and Small, Cleo and Phillips, Richard A and Yates, Oliver and Lascelles, Ben and Borboroglu, Pablo Garcia and Croxall, John P},
  journal={Biological Conservation},
  volume={237},
  pages={525--537},
  year={2019},
  publisher={Elsevier}
}

@article{peterson2016bird,
  title={Bird conservation and biodiversity research in Mexico: status and priorities},
  author={Peterson, A Townsend and Navarro-Sig{\"u}enza, Adolfo G},
  journal={Journal of Field Ornithology},
  volume={87},
  number={2},
  pages={121--132},
  year={2016},
  publisher={Wiley Online Library}
}

@article{munoz2004comparison,
  title={Comparison of statistical methods commonly used in predictive modelling},
  author={Mu{\~n}oz, Jes{\'u}s and Felic{\'\i}simo, {\'A}ngel M},
  journal={Journal of Vegetation Science},
  volume={15},
  number={2},
  pages={285--292},
  year={2004},
  publisher={Wiley Online Library}
}
